@inproceedings{yifan2008,
author = {Hu, Yifan and Koren, Yehuda and Volinsky, Chris},
title = {Collaborative Filtering for Implicit Feedback Datasets},
year = {2008},
publisher = {IEEE Computer Society},
address = {USA},
booktitle = {Proceedings of the 2008 Eighth IEEE International Conference on Data Mining},
pages = {263–272},
numpages = {10},
keywords = {implicit feedback, Collaborative filtering, recommender system},
series = {ICDM '08}
}

@article{koren2009,
author = {Koren, Yehuda and Bell, Robert and Volinsky, Chris},
title = {Matrix Factorization Techniques for Recommender Systems},
year = {2009},
issue_date = {August 2009},
publisher = {IEEE Computer Society Press},
address = {Washington, DC, USA},
volume = {42},
number = {8},
journal = {Computer},
month = aug,
pages = {30–37},
numpages = {8},
keywords = {Matrix factorization, Computational intelligence, Netflix Prize}
}

@inproceedings{spark2010,
author = {Zaharia, Matei and Chowdhury, Mosharaf and Franklin, Michael J. and Shenker, Scott and Stoica, Ion},
title = {Spark: Cluster Computing with Working Sets},
year = {2010},
address = {USA},
booktitle = {Proceedings of the 2nd USENIX Conference on Hot Topics in Cloud Computing},
pages = {10},
numpages = {1},
location = {Boston, MA},
series = {HotCloud'10}
}

@inproceedings{sparksql2015,
author = {Armbrust, Michael and Xin, Reynold S. and Lian, Cheng and Huai, Yin and Liu, Davies and Bradley, Joseph K. and Meng, Xiangrui and Kaftan, Tomer and Franklin, Michael J. and Ghodsi, Ali and Zaharia, Matei},
title = {{Spark SQL: Relational Data Processing in Spark}},
year = {2015},
address = {New York, NY, USA},
booktitle = {Proceedings of the 2015 ACM SIGMOD International Conference on Management of Data},
pages = {1383–1394},
numpages = {12},
keywords = {data warehouse, databases, hadoop, spark, machine learning},
location = {Melbourne, Victoria, Australia},
series = {SIGMOD '15}
}

@inproceedings{Breese1998EmpiricalAO,
  title={Empirical Analysis of Predictive Algorithms for Collaborative Filtering},
  author={J. Breese and D. Heckerman and C. Kadie},
  booktitle={UAI},
  year={1998}
}

@inproceedings{10.1145/3383313.3411550,
author = {T\'{o}th, Bal\'{a}zs and Sachidanandan, Sandhya and J\o{}rgensen, Emil S.},
title = {Balancing Relevance and Discovery to Inspire Customers in the IKEA App},
year = {2020},
publisher = {Association for Computing Machinery},
address = {New York, NY, USA},
booktitle = {Fourteenth ACM Conference on Recommender Systems},
pages = {563},
numpages = {1},
keywords = {contextual bandits},
location = {Virtual Event, Brazil},
series = {RecSys '20}
}

@inproceedings{10.1145/3383313.3411558,
author = {Ramanathan, R. and Shinada, Nicolas K. and Palaniappan, Sucheendra K.},
title = {Building a Reciprocal Recommendation System at Scale from Scratch: Learnings from One of Japan’s Prominent Dating Applications},
year = {2020},
publisher = {Association for Computing Machinery},
address = {New York, NY, USA},
booktitle = {Fourteenth ACM Conference on Recommender Systems},
pages = {566–567},
numpages = {2},
keywords = {reciprocal recommender systems, online dating, neural networks},
location = {Virtual Event, Brazil},
series = {RecSys '20}
}

@inproceedings{10.1145/3383313.3411555,
author = {Ramachandran, Lakshmi},
title = {Behavior-Based Popularity Ranking on Amazon Video},
year = {2020},
publisher = {Association for Computing Machinery},
address = {New York, NY, USA},
booktitle = {Fourteenth ACM Conference on Recommender Systems},
pages = {564–565},
numpages = {2},
keywords = {popularity, video streaming, recommendations},
location = {Virtual Event, Brazil},
series = {RecSys '20}
}

@inproceedings{10.1145/3383313.3411549,
author = {Schendel, Zachary A. and Farzin, Faraz and Sundar, Siddhi},
title = {A Human Perspective on Algorithmic Similarity},
year = {2020},
publisher = {Association for Computing Machinery},
address = {New York, NY, USA},
booktitle = {Fourteenth ACM Conference on Recommender Systems},
pages = {562},
numpages = {1},
keywords = {Context, iMDS, Similarity, Perception, Netflix, Inverse Multidimensional Scaling},
location = {Virtual Event, Brazil},
series = {RecSys '20}
}

@article{Pazzani2004AFF,
  title={A Framework for Collaborative, Content-Based and Demographic Filtering},
  author={M. Pazzani},
  journal={Artificial Intelligence Review},
  year={2004},
  volume={13},
  pages={393-408}
}

@article{Goldberg1992UsingCF,
  title={Using collaborative filtering to weave an information tapestry},
  author={David Goldberg and D. Nichols and B. Oki and D. Terry},
  journal={Commun. ACM},
  year={1992},
  volume={35},
  pages={61-70}
}

@INPROCEEDINGS{Bennett07thenetflix,
    author = {James Bennett and Stan Lanning and Netflix Netflix},
    title = {The Netflix Prize},
    booktitle = {In KDD Cup and Workshop in conjunction with KDD},
    year = {2007}
}

@article{McFee2012TheMS,
  title={The million song dataset challenge},
  author={Brian McFee and T. Bertin-Mahieux and D. Ellis and G. Lanckriet},
  journal={Proceedings of the 21st International Conference on World Wide Web},
  year={2012}
}

@article{Ekstrand2020LensKitFP,
  title={{LensKit for Python: Next-Generation Software for Recommender Systems Experiments}},
  author={Michael D. Ekstrand},
  journal={Proceedings of the 29th ACM International Conference on Information \& Knowledge Management},
  year={2020}
}

@inproceedings{Trefethen1997NumericalLA,
  title={Numerical Linear Algebra},
  author={L. Trefethen and David Bau},
  year={1997}
}

@INPROCEEDINGS{KorenY2015AdvancesinCF,
    author = {Koren Y., Bell R.},
    title = {Advances in Collaborative Filtering},
    booktitle = {Recommender Systems Handbook},
    year = {2015}
}
